<record><leader>00000cas a22000007a 4500</leader><controlfield tag="001">36873537</controlfield><controlfield tag="008">970508d18931893meudr ne      0    0eng d</controlfield><datafield ind1=" " ind2=" " tag="010"><subfield code="a">sn 97062677 </subfield></datafield><datafield ind1=" " ind2=" " tag="040"><subfield code="a">MBN</subfield><subfield code="b">eng</subfield><subfield code="c">MBN</subfield><subfield code="d">OCLCQ</subfield><subfield code="d">UKMGB</subfield><subfield code="d">OCLCQ</subfield><subfield code="d">OCLCF</subfield><subfield code="d">OCLCO</subfield></datafield><datafield ind1="7" ind2=" " tag="016"><subfield code="a">010467346</subfield><subfield code="2">Uk</subfield></datafield><datafield ind1="1" ind2=" " tag="029"><subfield code="a">AU@</subfield><subfield code="b">000013250983</subfield></datafield><datafield ind1=" " ind2=" " tag="042"><subfield code="a">msc</subfield></datafield><datafield ind1=" " ind2=" " tag="043"><subfield code="a">n-us-me</subfield></datafield><datafield ind1="0" ind2=" " tag="130"><subfield code="a">Artful dodger (Saco, Me.)</subfield></datafield><datafield ind1="1" ind2="4" tag="245"><subfield code="a">The artful dodger.</subfield></datafield><datafield ind1=" " ind2=" " tag="260"><subfield code="a">Saco, Me. :</subfield><subfield code="b">Mrs. Harry J. Tatterson</subfield></datafield><datafield ind1=" " ind2=" " tag="300"><subfield code="a">v.</subfield></datafield><datafield ind1=" " ind2=" " tag="310"><subfield code="a">Daily</subfield></datafield><datafield ind1="0" ind2=" " tag="362"><subfield code="a">Vol. 1, no. 1 (Jan. 25, 1893)-</subfield></datafield><datafield ind1=" " ind2=" " tag="500"><subfield code="a">Published for three days during the Dickens Carnival at the York Institute, Saco, Me.</subfield></datafield><datafield ind1=" " ind2="0" tag="651"><subfield code="a">Saco (Me.)</subfield><subfield code="v">Newspapers.</subfield></datafield><datafield ind1=" " ind2="7" tag="655"><subfield code="a">Newspapers.</subfield><subfield code="2">fast</subfield><subfield code="0">(OCoLC)fst01423814</subfield></datafield><datafield ind1=" " ind2="7" tag="651"><subfield code="a">Maine</subfield><subfield code="z">Saco.</subfield><subfield code="2">fast</subfield><subfield code="0">(OCoLC)fst01218837</subfield></datafield><datafield ind1=" " ind2=" " tag="752"><subfield code="a">United States</subfield><subfield code="b">Maine</subfield><subfield code="c">York</subfield><subfield code="d">Saco.</subfield></datafield></record>